%==============================================================================
% Papers, URLs, and Books 
%==============================================================================
@book{tanenbaum2016,
  Author = {Andrew S. Tanenbaum and Herbert Bos},
  Title = {Moderne Betriebssysteme (Pearson Studium - IT) (German Edition)},
  Publisher = {Pearson Studium},
  Year = {2016},
  ISBN = {978-3-86894-270-5},
  URL = {}
}
@book{Dahlin2012,
  Author = {Thomans Anderson and Michael Dahlin},
  Title = {Operating Systems: Principles and Practice},
  Publisher = {Recursive Books},
  Year = {2012},
  ISBN = {},
  URL = {}
}

@book{box2002,
  Author = {Don Box and Chris Sells},
  Title = {Essential .NET, Volume I: The Common Language Runtime},
  Publisher = {Addison-Wesley Professional},
  Year = {2002},
  ISBN = {978-0-201-73411-9},
  URL = {}
}

@book{Manzei2015,
	AUTHOR = {Manzei, Christian AND Heinze, Ronald AND Schleupner, Linus},
	YEAR = {2015},
	TITLE = {Industrie 4.0 im internationalen Kontext - Kernkonzepte, Ergebnisse, Trends},
	EDITION = {},
	ISBN = {978-3-800-73671-3},
	PUBLISHER = {Beuth},
	ADDRESS = {Düsseldorf},
}
@online{ms_azureiot,
	author={Microsoft},
	title={.NET Documentation - AppDomain.AssemblyResolve-Ereignis},
	year={2017},
	url={https://docs.microsoft.com/en-us/azure/iot-hub/iot-hub-devguide-identity-registry},
	urldate={2017-08-15}
}

@online{ef_orm,
	author={Entity Framework Tutorial},
	title={What is Entity Framework},
	year={2017},
	url={http://www.entityframeworktutorial.net/what-is-entityframework.aspx},
	urldate={2017-08-15}
}

@online{stacko_threadcount,
	author={Rex M, Stackoverflow},
	title={What's the maximum number of threads in Windows Server 2003?},
	year={2009},
	url={https://stackoverflow.com/questions/481900/whats-the-maximum-number-of-threads-in-windows-server-2003},
	urldate={2017-08-15}
}

@online{ms_resolve,
    author={Microsoft},
    title={.NET Documentation - AppDomain.AssemblyResolve-Ereignis},
    year={2016},
    url={https://msdn.microsoft.com/de-de/library/system.appdomain.assemblyresolve(v=vs.110).aspx},
    urldate={2017-06-15}
 }

@book{butenhof1997,
	AUTHOR = {Butenhof, David R.},
	YEAR = {1997},
	TITLE = {Programming with POSIX Threads},
	ISBN = {978-0-201-63392-4},
	PUBLISHER = {Addison-Wesley Professional},
	ADDRESS = {Boston},
}

@online{ms_threading,
	author={Microsoft},
	title={Threading Tutorial},
	year={n/a},
	url={https://msdn.microsoft.com/en-us/library/aa645740(v=vs.71).aspx},
	urldate={2017-06-15}
}
@online{ms_threading_yield,
	author={Microsoft},
	title={.NET Documentation Thread.Yield Method()},
	year={n/a},
	url={https://msdn.microsoft.com/en-us/library/system.threading.thread.yield(v=vs.110).aspx},
	urldate={2017-06-15}
}
@online{ms_volatile,
	author={Microsoft},
	title={C\# Referenz volatile},
	year={n/a},
	url={https://msdn.microsoft.com/en-us/library/system.threading.thread.yield(v=vs.110).aspx},
	urldate={2017-06-15}
}
@online{ms_threadlocal,
	author={Microsoft},
	title={.NET Referenz ThreadLocal},
	year={n/a},
	url={https://msdn.microsoft.com/de-de/library/dd642243(v=vs.110).aspx},
	urldate={2017-06-15}
}

@online{ms_interlocked_barrier,
	author={Microsoft},
	title={.NET Referenz Interlocked.MemoryBarrier()},
	year={n/a},
	url={https://msdn.microsoft.com/en-us/library/system.threading.interlocked.memorybarrier(v=vs.110).aspx},
	urldate={2017-06-15}
}

@book{Anderson2014,
	AUTHOR = {Anderson, Thomas AND Dahlin, Michael},
	YEAR = {2014},
	TITLE = {Operating Systems - Principles and Practice - Volume I: Kernels and Processes},
	EDITION = {},
	ISBN = {978-0-985-67352-9},
	PUBLISHER = {Recursive Books},
	ADDRESS = {},
}

@book{ludewig2013,
	author = {Jochen Ludewig, Horst Lichter},
	title = {Software Engineering: Grundlagen, Menschen, Prozesse, Techniken. 3., korrigierte Auflage},
	publisher = {dpunkt.verlag},
	year = {2013},
	isbn = {978-3-86491-298-6},
}

@book{sommerville2007,
	author = {Ian Sommerville},
	title = {Software Engineering; 8th Edition},
	publisher = {Addison Wesley},
	year = {2007},
	isbn = {978-0-321-31379-9},
}
@book{balzert2011,
		author={Herbert Balzert},
		title={Lehrbuch der Softwaretechnik - Entwurf, Implementierung, Installation und Betrieb. 3. Auflage},
		publisher={Spektrum Akademische Verlag},
		year={2011},
		isbn={978-3-8274-1706-0}
}
@book{balzert2008,
	author={Herbert Balzert},
	title={Lehrbuch der Softwaretechnik - Softwaremanagement. 2. Auflage},
	publisher={Spektrum Akademische Verlag},
	year={2008},
	isbn={978-3-8274-1161-7}
}
@book{balzert2009,
	author={Herbert Balzert},
	title={Lehrbuch der Softwaretechnik - Basiskonzepte und Requirements Engineering, 3. Auflage},
	publisher={Spektrum Akademische Verlag},
	year={2009},
	isbn={978-3-8274-1705-3}
}

@book{rupp2009,
	author={Chris Rupp},
	title={Requirements-Engineering und -Management. 5. Auflage},
	publisher={Carl Hanser Verlag},
	year={2011},
	isbn={978-3-446-41841-7}
}
@book{wirdemann2009,
	author={Ralf Wirdemann},
	title={SCRUM mit User Stories},
	publisher={Carl Hanser Verlag},
	year={2009},
	isbn={978-3-446-41656-7}
}

@book{gengenbach2008,
	author={Ralf J. Gengenbach},
	title={GMP-Qualifizierung und Validierung von Wirkstoffanlagen. Ein Leitfaden für die Praxis.},
	publisher={Wiley-VCH Verlag},
	year={2008},
	isbn={978-0-321-71410-47}
}
@book{leitgeb2010sicherheit,
	title={Sicherheit Von Medizingeraten},
	author={Leitgeb, Norbert},
	isbn={9783211993682},
	year={2010},
	publisher={Springer Vienna}
}
@book{mcmahon2010,
	author={Paul E. McMahon},
	title={Integrating CMMI and Agile Development: Case Studies and Proven Techniques for Faster Performance Improvement},
	publisher={Addison-Wesley Professional},
	year={2010},
	isbn={978-3-527-30794-4}
}
@book{haider2002,
	author={Syet Imtiaz Haider},
	title={Master Validation Plan. The Ultimate Guide to FDA, GMP, and GLP Compliance.},
	publisher={St. Lucie Press},
	year={2002},
	isbn={978-1-574-44330-5}
}
@book{ligge,
	author={Peter Liggesmeyer},
	title={Software Qualität. Testen, Analysieren und Verifizieren.},
	publisher={Spektrum Akademische Verlag},
	year={2002},
	isbn={978-3-8274-11181-1}
}
@book{wieczorek,
	author={Martin Wieczorek and Diederik Vos and Heinz Bons},
	title={Systems and Software Quality},
	publisher={Springer Verlag},
	year={2014},
	isbn={978-3-642-39970-1}
}
@book{wirdemann,
	author={Ralf Wirdemann},
	title={Scrum mit User Stories},
	publisher={Hanser},
	year={2009},
	isbn={978-3-446-41656-7}
}
@book{ebert,
	author={Christof Ebert},
	title={Systemsiches Requirements Engineering. Anforderungen ermitteln, spezifizieren, analysieren und verwalten.},
	publisher={dpunkt},
	year={2012},
	isbn={978-3-89864-812-7}
}
@online{wiki2016,
    author={Wikipedia},
    title={Scrum (software development)},
    year={2016},
    url={https://en.wikipedia.org/wiki/Scrum_(software_development)},
    urldate={2016-02-19}
 }
 @online{manifesto,
    author={Kent Beck and James Grenning and Robert Martin and Mike Beedle},
    title={Manifesto for Agile Software Development},
    year={2001},
    url={http://www.agilemanifesto.org/},
    urldate={2016-02-19}
 }
  @online{chelf2008,
  	author={Ben Chelf and Andy Chou},
  	title={Controlling Software Complexity. The Business Case for Static Source Code Analysis.},
  	year={2008},
  	url={http://www.coverity.com/library/pdf/ControllingSoftwareComplexity.pdf},
  	urldate={2016-05-16}
  }
  @online{standish2015,
  	author={Shane Hastie and Stéphane Wojewoda},
  	title={Standish Group 2015 Chaos Report - Q and A with Jennifer Lynch},
  	year={2015},
  	url={https://www.infoq.com/articles/standish-chaos-2015},
  	urldate={2016-07-05}
  }
  @online{scrumguide,
  	author={Scrum.Org and ScrumInc},
  	title={The Scrum Guide},
  	year={2016},
  	url={http://www.scrumguides.org/scrum-guide.html},
  	urldate={2016-07-05}
  }
  @online{sox,
  	author={WikiPedia},
  	title={Sarbanes-Oxley Act},
  	year={n/a},
  	url={https://de.wikipedia.org/wiki/Sarbanes-Oxley_Act},
  	urldate={2016-07-05}
  }
  @online{tesla,
  	author={Leo Kelion},
  	title={Sarbanes-Oxley Act},
  	year={2016},
  	url={http://www.bbc.com/news/technology-36783345},
  	urldate={2016-07-05}
  }
  @online{westfall,
  	author={Linda Westfall},
  	title={Bidirectional Requirements Traceability},
  	year={2006},
  	url={http://www.compaid.com/caiinternet/ezine/westfall-bidirectional.pdf},
  	urldate={2016-07-05}
  }
  @online{colins,
  	author={Colin Dembovsy},
  	title={Test Result Traceability Matrix Tool},
  	year={2014},
  	url={http://www.colinsalmcorner.com/post/test-result-traceability-matrix-tool},
  	urldate={2016-07-05}
  }
  @online{sts,
  	author={STS Consulting},
  	title={Computer System Validation - It’s More Than Just Testing},
  	year={nv},
  	url={http://www.stsv.com/pdfs/STS_CSV_article.pdf},
  	urldate={2016-07-05}
  }
@Article{Brandes2016,
	author="Brandes, Christian
	and Heller, Michael",
	title="Quality Management in Agile IT Projects -- Quo Vadis?",
	journal="HMD Praxis der Wirtschaftsinformatik",
	year="2016",
	volume="53",
	number="2",
	pages="169--184",
	issn="2198-2775",
	doi="10.1365/s40702-016-0215-z",
	url="http://dx.doi.org/10.1365/s40702-016-0215-z"
}    
@Article{Kannenberg,
	author="Kannenberg, Andre
	and Saiedian, Dr. Hossein",
	title="Why Software Requirements Traceability Remains a Challenge ",
	journal="The Journal of Defense Software Engineering",
	year="2009",
	volume="22",
	number="5",
	pages="14--17",
	url="https://www.researchgate.net/publication/235353186_Why_Software_Requirements_Traceability_Remains_a_Challenge"
} 